
@article{Buffon,
  author = {Ehrhard Behrends},
  title = {{Buffon: Hat er St√∂ckchen geworfen oder hat er nicht?}},
  howpublished = { \it https://www.mathematik.de/ger/presse/ausdenmitteilungen/artikel/dmvm-2014-0022.pdf},
  year = {2014},
  journal = {Pi und Co. Springer Berlin Heidelberg,},
  volume = { 2016. 171-173}
}

@article{Lazzarini,
  author = {Badger},
  title = {{ L. Lazzarini's Lucky Approximation of $\pi$}},
  year = {1994},
  journal = {Mathematics Magazine},
  volume = {67(2), 83-91. doi:10.2307/2690682}
}

@book{AdvStatMech,
  author = {Jos Thijssen},
  title = {{Lecture Notes Advances Quantum Mechanics AP3501}},
  year = {2013},
  note = "[p 31-41]"
}


@misc{MCmethods,
author = {Rudolf Schrer},
title = {{Adaptive Monte Carlo Integration}},
note = {http://mint.sbg.ac.at/rudi/projects/pv{\_}ws01.pdf},
year = {2002},
number = {31-March-2017}
}
